<record><leader>00000cas a22000007a 4500</leader><controlfield tag="001">14148217</controlfield><controlfield tag="008">860826d18321832txuuu ne      0    0eng d</controlfield><datafield ind1=" " ind2=" " tag="010"><subfield code="a">sn 86088637 </subfield></datafield><datafield ind1=" " ind2=" " tag="040"><subfield code="a">PPM</subfield><subfield code="b">eng</subfield><subfield code="c">PPM</subfield><subfield code="d">ANU</subfield><subfield code="d">OCLCQ</subfield></datafield><datafield ind1=" " ind2=" " tag="042"><subfield code="a">msc</subfield></datafield><datafield ind1="0" ind2="0" tag="245"><subfield code="a">Texas gazette and Brazoria commercial advertiser.</subfield></datafield><datafield ind1=" " ind2=" " tag="260"><subfield code="a">Brazoria, Tex. :</subfield><subfield code="b">[S.n]</subfield></datafield><datafield ind1=" " ind2=" " tag="300"><subfield code="a">v. ;</subfield><subfield code="c">53 cm.</subfield></datafield><datafield ind1="1" ind2=" " tag="362"><subfield code="a">Began in 1832; ceased in 1832.</subfield></datafield><datafield ind1=" " ind2=" " tag="588"><subfield code="a">Description based on: Extra (July 23, 1832).</subfield></datafield><datafield ind1=" " ind2=" " tag="752"><subfield code="a">United States</subfield><subfield code="b">Texas</subfield><subfield code="c">Brazoria</subfield><subfield code="d">Brazoria.</subfield></datafield><datafield ind1="0" ind2="0" tag="780"><subfield code="t">Texas gazette (San Felipe, Tex.)</subfield><subfield code="w">(DLC)sn 86071789</subfield></datafield><datafield ind1="0" ind2="0" tag="785"><subfield code="t">Constitutional advocate and Texas public advertiser</subfield><subfield code="w">(DLC)sn 83021339</subfield><subfield code="w">(OCoLC)10129738</subfield></datafield></record>